@inproceedings{alps,
  title={ALPS: A bluetooth and ultrasound platform for mapping and localization},
  author={Lazik, Patrick and Rajagopal, Niranjini and Shih, Oliver and Sinopoli, Bruno and Rowe, Anthony},
  booktitle={Proceedings of the 13th ACM Conference on Embedded Networked Sensor Systems},
  pages={73--84},
  year={2015},
  organization={ACM}
}
@inproceedings{beacon,
  title={Beacon placement for range-based indoor localization},
  author={Rajagopal, Niranjini and Chayapathy, Sindhura and Sinopoli, Bruno and Rowe, Anthony},
  booktitle={Indoor Positioning and Indoor Navigation (IPIN), 2016 International Conference on},
  pages={1--8},
  year={2016},
  organization={IEEE}
}
@inproceedings{ultrasonic,
  title={Ultrasonic time synchronization and ranging on smartphones},
  author={Lazik, Patrick and Rajagopal, Niranjini and Sinopoli, Bruno and Rowe, Anthony},
  booktitle={Real-Time and Embedded Technology and Applications Symposium (RTAS), 2015 IEEE},
  pages={108--118},
  year={2015},
  organization={IEEE}
}
@inproceedings{uwb,
  title={Experimental impulse radio IEEE 802.15. 4a UWB based wireless sensor localization technology: Characterization, reliability and ranging},
  author={Ye, Tingcong and Walsh, Michael and Haigh, Peter and Barton, John and O'Flynn, Brendan},
  booktitle={ISSC 2011, 22nd IET Irish Signals and Systems Conference, Dublin, Ireland. 23-24 Jun 2011},
  year={2011},
  organization={Insitution of Engineering and Technology}
}